<record><leader>00000cas a22000007a 4500</leader><controlfield tag="001">9742027</controlfield><controlfield tag="008">830726d19051907ksuwr ne      0    0eng d</controlfield><controlfield tag="009">3789</controlfield><datafield ind1=" " ind2=" " tag="010"><subfield code="a">sn 83040389 </subfield></datafield><datafield ind1=" " ind2=" " tag="040"><subfield code="a">KSH</subfield><subfield code="b">eng</subfield><subfield code="c">KSH</subfield><subfield code="d">NPT</subfield></datafield><datafield ind1="1" ind2=" " tag="029"><subfield code="a">AU@</subfield><subfield code="b">000025795763</subfield></datafield><datafield ind1=" " ind2=" " tag="042"><subfield code="a">msc</subfield></datafield><datafield ind1=" " ind2=" " tag="043"><subfield code="a">n-us-ks</subfield></datafield><datafield ind1="0" ind2=" " tag="130"><subfield code="a">Mapleton dispatch (Mapleton, Kan. : 1905)</subfield></datafield><datafield ind1="0" ind2="0" tag="245"><subfield code="a">Mapleton dispatch.</subfield></datafield><datafield ind1=" " ind2=" " tag="260"><subfield code="a">Mapleton, Kan. :</subfield><subfield code="b">Bourbon County Press Association,</subfield><subfield code="c">1905-1907.</subfield></datafield><datafield ind1=" " ind2=" " tag="300"><subfield code="a">2 v. :</subfield><subfield code="b">ill. ;</subfield><subfield code="c">37-54 cm.</subfield></datafield><datafield ind1=" " ind2=" " tag="310"><subfield code="a">Weekly</subfield></datafield><datafield ind1="0" ind2=" " tag="362"><subfield code="a">Vol. 1, no. 1 (Oct. 20, 1905)-v. 2, no. 13 (Feb. 1, 1907).</subfield></datafield><datafield ind1=" " ind2=" " tag="500"><subfield code="a">Editor: L.M. Byington.</subfield></datafield><datafield ind1="1" ind2=" " tag="700"><subfield code="a">Byington, L. M.</subfield></datafield><datafield ind1=" " ind2=" " tag="752"><subfield code="a">United States</subfield><subfield code="b">Kansas</subfield><subfield code="c">Bourbon</subfield><subfield code="d">Mapleton.</subfield></datafield><datafield ind1="0" ind2="4" tag="785"><subfield code="t">Weekly republican (Fort Scott, Kan.)</subfield><subfield code="w">(DLC)sn 83040395</subfield></datafield></record>